@article{drela20dead,
  title={Dead-downwind faster than the wind (DDWFTTW) analysis, file},
  author={Drela, Mark},
  year={2009}
}

@misc{rick2008youtube,
  title={Downwind Faster than the Wind (DWFTTW) Myth Challenge},
  url={https://www.youtube.com/watch?v=xHsXcHoJu-A},
  journal={YouTube},
  author={Rick Cavallaro},
  year={2008},
  month={Nov.}
}

@misc{veritasiumvid,
  title={Risking my life to settle a physics debate},
  url={https://www.youtube.com/watch?v=jyQwgBAaBag},
  journal={YouTube},
  author={Veritasium},
  year={2021},
  month={May}
}

@article{spicer2001effects,
  title={Effects of frictional loss on bicycle chain drive efficiency},
  author={Spicer, James B and Richardson, Christopher JK and Ehrlich, Michael J and Bernstein, Johanna R and Fukuda, Masahiko and Terada, Masao},
  journal={J. Mech. Des.},
  volume={123},
  number={4},
  pages={598--605},
  year={2001}
}

@techreport{conwell1992experimental,
  title={Experimental investigation of chain tension and roller sprocket impact forces in roller chain drives},
  author={Conwell, James C and Johnson, Glen E},
  year={1992}
}

@article{hammami2018friction,
  title={Friction torque in rolling bearings lubricated with axle gear oils},
  author={Hammami, Maroua and Martins, Ramiro and Fernandes, Carlos and Seabra, Jorge and Abbes, Mohamed Slim and Haddar, Mohamed},
  journal={Tribology International},
  volume={119},
  pages={419--435},
  year={2018},
  publisher={Elsevier}
}

@manual{usrguide,
  title        = "{ANSYS FLUENT 20 User's Guide}",
  organization    = {ANSYS, Inc},
  year         = {2020}
}

@misc{raeolus,
title = {Teams\, Racing Aeolus},
url = {https://www.racingaeolus.online/teams}
}

@misc{downwindRecord,
author = {Nalsa},
title = {Downwind record},
month = {May},
year = {2013},
url = {http://www.nalsa.org/DownWind.html}
}

@inproceedings{bronz2012multi,
  title={Multi-point optimisation of a propulsion set as applied to a multi-tasking MAV},
  author={Bronz, Murat and Moschetta, Jean Marc and Hattenberger, Gautier},
  booktitle={IMAV 2012, International Micro Aerial Vehicle Conference and Competition},
  pages={pp--xxxx},
  year={2012},
  organization={Citeseer}
}

@misc{rolling,
  title={Rolling resistance},
  url={https://www.engineeringtoolbox.com/rolling-friction-resistance-d\_1303.html},
  journal={Engineering Toolbox},
  year={2022}
}

@article{Zhang2020rolling,
  title={Efficiency Estimation of Roller Chain Power Transmission System},
  author={Zhang S-P, Tak T-O},
  journal={Applied Sciences},
  year={2020},
}

@article{3dSustain,
author = {Gebler, Malte and Schoot Uiterkamp, Anton and Visser, Cindy},
year = {2014},
month = {11},
pages = {158â€“167},
title = {A global sustainability perspective on 3D printing technologies},
volume = {74},
journal = {Energy Policy},
doi = {10.1016/j.enpol.2014.08.033}
}

@inproceedings{useOfBioPLA,
author = {Pakkanen, Jukka and Manfredi, Diego and Minetola, Paolo and Iuliano, Luca},
year = {2017},
month = {04},
pages = {776-785},
title = {About the Use of Recycled or Biodegradable Filaments for Sustainability of 3D Printing},
isbn = {978-3-319-57077-8},
doi = {10.1007/978-3-319-57078-5_73}
}

@misc{aluSustain,
  title={Aluminium Sustainability},
  url={https://www.aluminum.org/sustainability},
  year={2021}
}

@article{mastersbs,
author = {Sadak, Md and Khan, Ali and Syed, Ali and Sufiyan and George, Jibu and Uddin, Nizam},
year = {2013},
month = {04},
pages = {},
title = {Analysis of Down-Wind Propeller Vehicle},
volume = {3}
}

@article{shetan,
  title={Design of a propeller for downwind faster than the wind vehicle},
  author={Kodiyattu, Shethal Thomas},
  journal={San Jose State University},
  year={2010}
}

@inproceedings{bauer1969faster,
  title={Faster than the Wind},
  author={Bauer, Andrew B},
  booktitle={The Ancient Interface: Proceedings of the First AIAA Symposium on Sailing. American Institute of Aeronautics and Astronautics},
  year={1969}
}

@misc{nast_2022,
title={A Long, Strange Trip Downwind Faster Than the Wind},
url={https://www.wired.com/2010/08/ddwfttw/},
journal={Wired},
author={Cavallaro, Rick},
year={2010}
}

@misc{barry_2010,
title={Team Goes Downwind 2.5 Times Faster Than the Wind},
url={https://www.wired.com/2010/07/downwind-faster-than-the-wind-possible-and-theyll-prove-it/}, 
journal={Wired},
author={Barry, Keith},
year={2010}
}

@misc{upwindyoutube,
  title={Wind powered direct upwind vehicle - DUWFTTW},
  url={https://www.youtube.com/watch?v=F7PNSyAfCjk},
  journal={YouTube},
  author={Rick Cavallaro},
  year={2012},
  month={June}
}

@article{Baldissera,
  title={Rolling resistance, vertical load and optimal number of wheels in human-powered vehicle design},
  author={Paolo Baldissera, Cristiana Delprete},
  journal={Proceedings of the Institution of Mechanical Engineers Part P Journal of Sports Engineering and Technology},
  year={2016}
}